
@INPROCEEDINGS{sample, 
author={Author}, 
booktitle={2017 IEEE Conference}, 
title={paper title}, 
year={2017}, 
volume={}, 
number={}, 
pages={106-110}
,}


@article{long,
author = {N. Zhu et al.},
title= {China Novel Coronavirus Investigating and Research Team, A novel coronavirus from patients with pneumonia in China},
year = {2019}, 
journal = {N. Engl. J. Med. 382}, 
pages = {727–733}
,}

@article{imhe,
title = {Forecasting COVID-19 impact on hospital bed-days, ICU-days, ventilator days and deaths by US state in the next 4 months},
author = {IHME},
howpublished ="\url 
{http://www.healthdata.org/research-article/forecasting-covid-19-impact-hospital-bed-days-icu-days-ventilator-days-and-deaths}",
year = {2020}, 
note = "[Online; accessed 4/18/20]"
}

@misc{covidactnow,
title = {Covid Act Now},
authors = {CovidActNow Forecasting Team},
howpublished ="\url 
{https://covidactnow.org/about}",
year = {2020}, 
note = "[Online; accessed 4/18/20]"
}

@misc{losalamos,
title = {Los Alamos Model},
author = {Los Alamos National Laboratory Forecasting Team},
howpublished ="\url 
{https://covid-19.bsvgateway.org/}",
year = {2020}, 
note = "[Online; accessed 4/18/20]"
,}

@misc{who,
title = {Coronavirus Disease 2019 Situation Report},
author = {World Health Organization},
howpublished ="\url 
{https://www.who.int/docs/default-source/coronaviruse/situation-reports/20200227-sitrep-38-covid-19.pdf?sfvrsn=47fdaf7_4}",
year = {2020},
note = "[Online; accessed 4/18/20]"
}

@misc{JHU,
title = {Johns Hopkins University & Medicine Coronavirus Resource Center},
authors = {Johns Hopkins Research Center},
howpublished ="\url 
{https://coronavirus.jhu.edu/}",
year = {2020}, 
note = "[Online; accessed 4/18/20]"
}




@article{cdc,
  title={Case-fatality estimates for COVID-19 calculated by using a lag time for fatality},
  author={Wilson N, Kvalsvig A, Telfar Barnard L, Baker MG},
  journal={Emerg Infect Dis. 2020 Jun },
  year={2020}
}

@article{reason,
  title={Official COVID-19 Numbers Represent Just 6 Percent of Total Infections, a New Analysis Suggests},
  author={Jacob Sullum},
  howpublished ="\url{https://reason.com/2020/04/12/official-covid-19-numbers-represent-just-6-of-total-infections-a-new-analysis-suggests/}",
  year={2020},
  note = "[Online; accessed 4/18/20]"
}

@article{common,
    title = {Energy-Efficient Protocols in Wireless Sensor Networks},
    author= {Dr. Sonia Vatta and Rajesh Chaudhary II},
    journal = {International Organization of Scientific Research},
    year={2014},
    pages={}
}

@misc{ships,
  title = {2020 Coronavirus Pandemic on Cruise Ships},
  author = {Wikipedia},
  howpublished = "\url
  {https://en.wikipedia.org/wiki/2020_coronavirus_pandemic_on_cruise_ships}",
  note = {Online; Accessed: 4/18/20}
}

@misc{farr,
  title = {COVID-19: William Farr’s way out of the Pandemic},
  author = {Carl Heneghan, Tom Jefferson},
  howpublished = "\url
  {https://www.cebm.net/covid-19/covid-19-william-farrs-way-out-of-the-pandemic/}",
  note = {Online; Accessed: 4/18/20}
}